@book{HoffmanAndStrooper1995,
	Address = {New York, NY, USA},
	Author = {Daniel M. Hoffman and Paul A. Strooper},
	Date-Added = {2017-11-10 11:27:24 +0000},
	Date-Modified = {2017-11-10 11:27:24 +0000},
	Local-Url = {file://localhost/Users/smiths/LongTermArchives/Work/Research/References/SoftwareEngineering/software-design-automated-testing.pdf},
	Publisher = {International Thomson Computer Press},
	Title = {Software Design, Automated Testing, and Maintenance: A Practical Approach},
	Url = {http:// citeseer.ist.psu.edu/428727.html},
	Year = {1995},
	Bdsk-File-1 = {YnBsaXN0MDDUAQIDBAUGJCVYJHZlcnNpb25YJG9iamVjdHNZJGFyY2hpdmVyVCR0b3ASAAGGoKgHCBMUFRYaIVUkbnVsbNMJCgsMDxJXTlMua2V5c1pOUy5vYmplY3RzViRjbGFzc6INDoACgAOiEBGABIAFgAdccmVsYXRpdmVQYXRoWWFsaWFzRGF0YV8QPC4uLy4uLy4uL3NlM3hhMy9SZWZlcmVuY2VNYXRlcmlhbC9Ib2ZmbWFuQW5kU3Ryb29wZXIxOTk1LnBkZtIXCxgZV05TLmRhdGFPEQHqAAAAAAHqAAIAAAxNYWNpbnRvc2ggSEQAAAAAAAAAAAAAAAAAAADOl3ODSCsAAAnHusUaSG9mZm1hbkFuZFN0cm9vcGVyMTk5NS5wZGYAAAAAAAAAAAAAAAAAAAAAAAAAAAAAAAAAAAAAAAAAAAAAAAAACgYWv9Q41tAAAAAAAAAAAAADAAMAAAkgAAAAAAAAAAAAAAAAAAAAEVJlZmVyZW5jZU1hdGVyaWFsAAAQAAgAAM6Xq8MAAAARAAgAANQ5DxAAAAABABQJx7rFCcYGMwASFacACPdmAAJkjgACAFhNYWNpbnRvc2ggSEQ6VXNlcnM6AHNtaXRoczoAUmVwb3M6AHNlM3hhMzoAUmVmZXJlbmNlTWF0ZXJpYWw6AEhvZmZtYW5BbmRTdHJvb3BlcjE5OTUucGRmAA4ANgAaAEgAbwBmAGYAbQBhAG4AQQBuAGQAUwB0AHIAbwBvAHAAZQByADEAOQA5ADUALgBwAGQAZgAPABoADABNAGEAYwBpAG4AdABvAHMAaAAgAEgARAASAEZVc2Vycy9zbWl0aHMvUmVwb3Mvc2UzeGEzL1JlZmVyZW5jZU1hdGVyaWFsL0hvZmZtYW5BbmRTdHJvb3BlcjE5OTUucGRmABMAAS8AABUAAgAN//8AAIAG0hscHR5aJGNsYXNzbmFtZVgkY2xhc3Nlc11OU011dGFibGVEYXRhox0fIFZOU0RhdGFYTlNPYmplY3TSGxwiI1xOU0RpY3Rpb25hcnmiIiBfEA9OU0tleWVkQXJjaGl2ZXLRJidUcm9vdIABAAgAEQAaACMALQAyADcAQABGAE0AVQBgAGcAagBsAG4AcQBzAHUAdwCEAI4AzQDSANoCyALKAs8C2gLjAvEC9QL8AwUDCgMXAxoDLAMvAzQAAAAAAAACAQAAAAAAAAAoAAAAAAAAAAAAAAAAAAADNg==},
	Bdsk-Url-1 = {http://%20citeseer.ist.psu.edu/428727.html}}
	
@book{GhezziEtAl2003,
	Address = {Upper Saddle River, NJ, USA},
	Author = {Carlo Ghezzi and Mehdi Jazayeri and Dino Mandrioli},
	Date-Added = {2017-11-10 11:27:31 +0000},
	Date-Modified = {2017-11-10 11:27:31 +0000},
	Edition = {2nd},
	Keywords = {software engineering},
	Publisher = {Prentice Hall},
	Title = {Fundamentals of Software Engineering},
	Year = {2003}}
	